%YAML 1.1
%TAG !u! tag:unity3d.com,2011:
--- !u!29 &1
OcclusionCullingSettings:
  m_ObjectHideFlags: 0
  serializedVersion: 2
  m_OcclusionBakeSettings:
    smallestOccluder: 5
    smallestHole: 0.25
    backfaceThreshold: 100
  m_SceneGUID: 00000000000000000000000000000000
  m_OcclusionCullingData: {fileID: 0}
--- !u!104 &2
RenderSettings:
  m_ObjectHideFlags: 0
  serializedVersion: 8
  m_Fog: 0
  m_FogColor: {r: 0.5, g: 0.5, b: 0.5, a: 1}
  m_FogMode: 3
  m_FogDensity: 0.01
  m_LinearFogStart: 0
  m_LinearFogEnd: 300
  m_AmbientSkyColor: {r: 0.212, g: 0.227, b: 0.259, a: 1}
  m_AmbientEquatorColor: {r: 0.114, g: 0.125, b: 0.133, a: 1}
  m_AmbientGroundColor: {r: 0.047, g: 0.043, b: 0.035, a: 1}
  m_AmbientIntensity: 1
  m_AmbientMode: 0
  m_SubtractiveShadowColor: {r: 0.42, g: 0.478, b: 0.627, a: 1}
  m_SkyboxMaterial: {fileID: 10304, guid: 0000000000000000f000000000000000, type: 0}
  m_HaloStrength: 0.5
  m_FlareStrength: 1
  m_FlareFadeSpeed: 3
  m_HaloTexture: {fileID: 0}
  m_SpotCookie: {fileID: 10001, guid: 0000000000000000e000000000000000, type: 0}
  m_DefaultReflectionMode: 0
  m_DefaultReflectionResolution: 128
  m_ReflectionBounces: 1
  m_ReflectionIntensity: 1
  m_CustomReflection: {fileID: 0}
  m_Sun: {fileID: 0}
  m_IndirectSpecularColor: {r: 0.44657898, g: 0.4964133, b: 0.5748178, a: 1}
--- !u!157 &3
LightmapSettings:
  m_ObjectHideFlags: 0
  serializedVersion: 11
  m_GIWorkflowMode: 0
  m_GISettings:
    serializedVersion: 2
    m_BounceScale: 1
    m_IndirectOutputScale: 1
    m_AlbedoBoost: 1
    m_TemporalCoherenceThreshold: 1
    m_EnvironmentLightingMode: 0
    m_EnableBakedLightmaps: 1
    m_EnableRealtimeLightmaps: 1
  m_LightmapEditorSettings:
    serializedVersion: 9
    m_Resolution: 2
    m_BakeResolution: 40
    m_TextureWidth: 1024
    m_TextureHeight: 1024
    m_AO: 0
    m_AOMaxDistance: 1
    m_CompAOExponent: 1
    m_CompAOExponentDirect: 0
    m_Padding: 2
    m_LightmapParameters: {fileID: 0}
    m_LightmapsBakeMode: 1
    m_TextureCompression: 1
    m_FinalGather: 0
    m_FinalGatherFiltering: 1
    m_FinalGatherRayCount: 256
    m_ReflectionCompression: 2
    m_MixedBakeMode: 2
    m_BakeBackend: 0
    m_PVRSampling: 1
    m_PVRDirectSampleCount: 32
    m_PVRSampleCount: 500
    m_PVRBounces: 2
    m_PVRFilterTypeDirect: 0
    m_PVRFilterTypeIndirect: 0
    m_PVRFilterTypeAO: 0
    m_PVRFilteringMode: 1
    m_PVRCulling: 1
    m_PVRFilteringGaussRadiusDirect: 1
    m_PVRFilteringGaussRadiusIndirect: 5
    m_PVRFilteringGaussRadiusAO: 2
    m_PVRFilteringAtrousPositionSigmaDirect: 0.5
    m_PVRFilteringAtrousPositionSigmaIndirect: 2
    m_PVRFilteringAtrousPositionSigmaAO: 1
    m_ShowResolutionOverlay: 1
  m_LightingDataAsset: {fileID: 0}
  m_UseShadowmask: 1
--- !u!196 &4
NavMeshSettings:
  serializedVersion: 2
  m_ObjectHideFlags: 0
  m_BuildSettings:
    serializedVersion: 2
    agentTypeID: 0
    agentRadius: 0.5
    agentHeight: 2
    agentSlope: 45
    agentClimb: 0.4
    ledgeDropHeight: 0
    maxJumpAcrossDistance: 0
    minRegionArea: 2
    manualCellSize: 0
    cellSize: 0.16666667
    manualTileSize: 0
    tileSize: 256
    accuratePlacement: 0
    debug:
      m_Flags: 0
  m_NavMeshData: {fileID: 0}
--- !u!1001 &2168199
Prefab:
  m_ObjectHideFlags: 0
  serializedVersion: 2
  m_Modification:
    m_TransformParent: {fileID: 0}
    m_Modifications:
    - target: {fileID: 4256760911736608, guid: 70d031c0d69b50649bea110450c6645b, type: 2}
      propertyPath: m_LocalPosition.x
      value: -17.041138
      objectReference: {fileID: 0}
    - target: {fileID: 4256760911736608, guid: 70d031c0d69b50649bea110450c6645b, type: 2}
      propertyPath: m_LocalPosition.y
      value: 3.26
      objectReference: {fileID: 0}
    - target: {fileID: 4256760911736608, guid: 70d031c0d69b50649bea110450c6645b, type: 2}
      propertyPath: m_LocalPosition.z
      value: 11.346653
      objectReference: {fileID: 0}
    - target: {fileID: 4256760911736608, guid: 70d031c0d69b50649bea110450c6645b, type: 2}
      propertyPath: m_LocalRotation.x
      value: 0
      objectReference: {fileID: 0}
    - target: {fileID: 4256760911736608, guid: 70d031c0d69b50649bea110450c6645b, type: 2}
      propertyPath: m_LocalRotation.y
      value: 0
      objectReference: {fileID: 0}
    - target: {fileID: 4256760911736608, guid: 70d031c0d69b50649bea110450c6645b, type: 2}
      propertyPath: m_LocalRotation.z
      value: 0
      objectReference: {fileID: 0}
    - target: {fileID: 4256760911736608, guid: 70d031c0d69b50649bea110450c6645b, type: 2}
      propertyPath: m_LocalRotation.w
      value: 1
      objectReference: {fileID: 0}
    - target: {fileID: 4256760911736608, guid: 70d031c0d69b50649bea110450c6645b, type: 2}
      propertyPath: m_RootOrder
      value: 8
      objectReference: {fileID: 0}
    - target: {fileID: 1464757241907016, guid: 70d031c0d69b50649bea110450c6645b, type: 2}
      propertyPath: m_Name
      value: EnemySphere (6)
      objectReference: {fileID: 0}
    m_RemovedComponents: []
  m_ParentPrefab: {fileID: 100100000, guid: 70d031c0d69b50649bea110450c6645b, type: 2}
  m_IsPrefabParent: 0
--- !u!1001 &35896132
Prefab:
  m_ObjectHideFlags: 0
  serializedVersion: 2
  m_Modification:
    m_TransformParent: {fileID: 0}
    m_Modifications:
    - target: {fileID: 4256760911736608, guid: 70d031c0d69b50649bea110450c6645b, type: 2}
      propertyPath: m_LocalPosition.x
      value: -10.738858
      objectReference: {fileID: 0}
    - target: {fileID: 4256760911736608, guid: 70d031c0d69b50649bea110450c6645b, type: 2}
      propertyPath: m_LocalPosition.y
      value: 0.94
      objectReference: {fileID: 0}
    - target: {fileID: 4256760911736608, guid: 70d031c0d69b50649bea110450c6645b, type: 2}
      propertyPath: m_LocalPosition.z
      value: 6.45
      objectReference: {fileID: 0}
    - target: {fileID: 4256760911736608, guid: 70d031c0d69b50649bea110450c6645b, type: 2}
      propertyPath: m_LocalRotation.x
      value: 0
      objectReference: {fileID: 0}
    - target: {fileID: 4256760911736608, guid: 70d031c0d69b50649bea110450c6645b, type: 2}
      propertyPath: m_LocalRotation.y
      value: 0
      objectReference: {fileID: 0}
    - target: {fileID: 4256760911736608, guid: 70d031c0d69b50649bea110450c6645b, type: 2}
      propertyPath: m_LocalRotation.z
      value: 0
      objectReference: {fileID: 0}
    - target: {fileID: 4256760911736608, guid: 70d031c0d69b50649bea110450c6645b, type: 2}
      propertyPath: m_LocalRotation.w
      value: 1
      objectReference: {fileID: 0}
    - target: {fileID: 4256760911736608, guid: 70d031c0d69b50649bea110450c6645b, type: 2}
      propertyPath: m_RootOrder
      value: 14
      objectReference: {fileID: 0}
    - target: {fileID: 1464757241907016, guid: 70d031c0d69b50649bea110450c6645b, type: 2}
      propertyPath: m_Name
      value: EnemySphere (2)
      objectReference: {fileID: 0}
    m_RemovedComponents: []
  m_ParentPrefab: {fileID: 100100000, guid: 70d031c0d69b50649bea110450c6645b, type: 2}
  m_IsPrefabParent: 0
--- !u!1001 &47709969
Prefab:
  m_ObjectHideFlags: 0
  serializedVersion: 2
  m_Modification:
    m_TransformParent: {fileID: 0}
    m_Modifications:
    - target: {fileID: 4256760911736608, guid: 70d031c0d69b50649bea110450c6645b, type: 2}
      propertyPath: m_LocalPosition.x
      value: -13.68
      objectReference: {fileID: 0}
    - target: {fileID: 4256760911736608, guid: 70d031c0d69b50649bea110450c6645b, type: 2}
      propertyPath: m_LocalPosition.y
      value: 3.26
      objectReference: {fileID: 0}
    - target: {fileID: 4256760911736608, guid: 70d031c0d69b50649bea110450c6645b, type: 2}
      propertyPath: m_LocalPosition.z
      value: 11.346653
      objectReference: {fileID: 0}
    - target: {fileID: 4256760911736608, guid: 70d031c0d69b50649bea110450c6645b, type: 2}
      propertyPath: m_LocalRotation.x
      value: 0
      objectReference: {fileID: 0}
    - target: {fileID: 4256760911736608, guid: 70d031c0d69b50649bea110450c6645b, type: 2}
      propertyPath: m_LocalRotation.y
      value: 0
      objectReference: {fileID: 0}
    - target: {fileID: 4256760911736608, guid: 70d031c0d69b50649bea110450c6645b, type: 2}
      propertyPath: m_LocalRotation.z
      value: 0
      objectReference: {fileID: 0}
    - target: {fileID: 4256760911736608, guid: 70d031c0d69b50649bea110450c6645b, type: 2}
      propertyPath: m_LocalRotation.w
      value: 1
      objectReference: {fileID: 0}
    - target: {fileID: 4256760911736608, guid: 70d031c0d69b50649bea110450c6645b, type: 2}
      propertyPath: m_RootOrder
      value: 22
      objectReference: {fileID: 0}
    - target: {fileID: 1464757241907016, guid: 70d031c0d69b50649bea110450c6645b, type: 2}
      propertyPath: m_Name
      value: EnemySphere (7)
      objectReference: {fileID: 0}
    m_RemovedComponents: []
  m_ParentPrefab: {fileID: 100100000, guid: 70d031c0d69b50649bea110450c6645b, type: 2}
  m_IsPrefabParent: 0
--- !u!1001 &151830211
Prefab:
  m_ObjectHideFlags: 0
  serializedVersion: 2
  m_Modification:
    m_TransformParent: {fileID: 0}
    m_Modifications:
    - target: {fileID: 4882947007955372, guid: 5d8c39b8410bc694982d8def15b2637d, type: 2}
      propertyPath: m_LocalPosition.x
      value: 19.87896
      objectReference: {fileID: 0}
    - target: {fileID: 4882947007955372, guid: 5d8c39b8410bc694982d8def15b2637d, type: 2}
      propertyPath: m_LocalPosition.y
      value: 0.9701515
      objectReference: {fileID: 0}
    - target: {fileID: 4882947007955372, guid: 5d8c39b8410bc694982d8def15b2637d, type: 2}
      propertyPath: m_LocalPosition.z
      value: 25.477701
      objectReference: {fileID: 0}
    - target: {fileID: 4882947007955372, guid: 5d8c39b8410bc694982d8def15b2637d, type: 2}
      propertyPath: m_LocalRotation.x
      value: 0
      objectReference: {fileID: 0}
    - target: {fileID: 4882947007955372, guid: 5d8c39b8410bc694982d8def15b2637d, type: 2}
      propertyPath: m_LocalRotation.y
      value: 0
      objectReference: {fileID: 0}
    - target: {fileID: 4882947007955372, guid: 5d8c39b8410bc694982d8def15b2637d, type: 2}
      propertyPath: m_LocalRotation.z
      value: 0
      objectReference: {fileID: 0}
    - target: {fileID: 4882947007955372, guid: 5d8c39b8410bc694982d8def15b2637d, type: 2}
      propertyPath: m_LocalRotation.w
      value: 1
      objectReference: {fileID: 0}
    - target: {fileID: 4882947007955372, guid: 5d8c39b8410bc694982d8def15b2637d, type: 2}
      propertyPath: m_RootOrder
      value: 16
      objectReference: {fileID: 0}
    - target: {fileID: 1767426010734218, guid: 5d8c39b8410bc694982d8def15b2637d, type: 2}
      propertyPath: m_Name
      value: EnemyPyramid (1)
      objectReference: {fileID: 0}
    m_RemovedComponents: []
  m_ParentPrefab: {fileID: 100100000, guid: 5d8c39b8410bc694982d8def15b2637d, type: 2}
  m_IsPrefabParent: 0
--- !u!1001 &158747787
Prefab:
  m_ObjectHideFlags: 0
  serializedVersion: 2
  m_Modification:
    m_TransformParent: {fileID: 0}
    m_Modifications:
    - target: {fileID: 4256760911736608, guid: 70d031c0d69b50649bea110450c6645b, type: 2}
      propertyPath: m_LocalPosition.x
      value: -5.2704244
      objectReference: {fileID: 0}
    - target: {fileID: 4256760911736608, guid: 70d031c0d69b50649bea110450c6645b, type: 2}
      propertyPath: m_LocalPosition.y
      value: 4.37
      objectReference: {fileID: 0}
    - target: {fileID: 4256760911736608, guid: 70d031c0d69b50649bea110450c6645b, type: 2}
      propertyPath: m_LocalPosition.z
      value: 1.0529442
      objectReference: {fileID: 0}
    - target: {fileID: 4256760911736608, guid: 70d031c0d69b50649bea110450c6645b, type: 2}
      propertyPath: m_LocalRotation.x
      value: 0
      objectReference: {fileID: 0}
    - target: {fileID: 4256760911736608, guid: 70d031c0d69b50649bea110450c6645b, type: 2}
      propertyPath: m_LocalRotation.y
      value: 0
      objectReference: {fileID: 0}
    - target: {fileID: 4256760911736608, guid: 70d031c0d69b50649bea110450c6645b, type: 2}
      propertyPath: m_LocalRotation.z
      value: 0
      objectReference: {fileID: 0}
    - target: {fileID: 4256760911736608, guid: 70d031c0d69b50649bea110450c6645b, type: 2}
      propertyPath: m_LocalRotation.w
      value: 1
      objectReference: {fileID: 0}
    - target: {fileID: 4256760911736608, guid: 70d031c0d69b50649bea110450c6645b, type: 2}
      propertyPath: m_RootOrder
      value: 9
      objectReference: {fileID: 0}
    - target: {fileID: 1464757241907016, guid: 70d031c0d69b50649bea110450c6645b, type: 2}
      propertyPath: m_Name
      value: EnemySphere (5)
      objectReference: {fileID: 0}
    m_RemovedComponents: []
  m_ParentPrefab: {fileID: 100100000, guid: 70d031c0d69b50649bea110450c6645b, type: 2}
  m_IsPrefabParent: 0
--- !u!1001 &197946721
Prefab:
  m_ObjectHideFlags: 0
  serializedVersion: 2
  m_Modification:
    m_TransformParent: {fileID: 0}
    m_Modifications:
    - target: {fileID: 4882947007955372, guid: 5d8c39b8410bc694982d8def15b2637d, type: 2}
      propertyPath: m_LocalPosition.x
      value: -18.910694
      objectReference: {fileID: 0}
    - target: {fileID: 4882947007955372, guid: 5d8c39b8410bc694982d8def15b2637d, type: 2}
      propertyPath: m_LocalPosition.y
      value: 1.1
      objectReference: {fileID: 0}
    - target: {fileID: 4882947007955372, guid: 5d8c39b8410bc694982d8def15b2637d, type: 2}
      propertyPath: m_LocalPosition.z
      value: 17.734947
      objectReference: {fileID: 0}
    - target: {fileID: 4882947007955372, guid: 5d8c39b8410bc694982d8def15b2637d, type: 2}
      propertyPath: m_LocalRotation.x
      value: 0
      objectReference: {fileID: 0}
    - target: {fileID: 4882947007955372, guid: 5d8c39b8410bc694982d8def15b2637d, type: 2}
      propertyPath: m_LocalRotation.y
      value: 0
      objectReference: {fileID: 0}
    - target: {fileID: 4882947007955372, guid: 5d8c39b8410bc694982d8def15b2637d, type: 2}
      propertyPath: m_LocalRotation.z
      value: 0
      objectReference: {fileID: 0}
    - target: {fileID: 4882947007955372, guid: 5d8c39b8410bc694982d8def15b2637d, type: 2}
      propertyPath: m_LocalRotation.w
      value: 1
      objectReference: {fileID: 0}
    - target: {fileID: 4882947007955372, guid: 5d8c39b8410bc694982d8def15b2637d, type: 2}
      propertyPath: m_RootOrder
      value: 12
      objectReference: {fileID: 0}
    - target: {fileID: 1767426010734218, guid: 5d8c39b8410bc694982d8def15b2637d, type: 2}
      propertyPath: m_Name
      value: EnemyPyramid (2)
      objectReference: {fileID: 0}
    m_RemovedComponents: []
  m_ParentPrefab: {fileID: 100100000, guid: 5d8c39b8410bc694982d8def15b2637d, type: 2}
  m_IsPrefabParent: 0
--- !u!1001 &239293806
Prefab:
  m_ObjectHideFlags: 0
  serializedVersion: 2
  m_Modification:
    m_TransformParent: {fileID: 0}
    m_Modifications:
    - target: {fileID: 4256760911736608, guid: 70d031c0d69b50649bea110450c6645b, type: 2}
      propertyPath: m_LocalPosition.x
      value: -6.5565977
      objectReference: {fileID: 0}
    - target: {fileID: 4256760911736608, guid: 70d031c0d69b50649bea110450c6645b, type: 2}
      propertyPath: m_LocalPosition.y
      value: 4.02
      objectReference: {fileID: 0}
    - target: {fileID: 4256760911736608, guid: 70d031c0d69b50649bea110450c6645b, type: 2}
      propertyPath: m_LocalPosition.z
      value: 0.45399952
      objectReference: {fileID: 0}
    - target: {fileID: 4256760911736608, guid: 70d031c0d69b50649bea110450c6645b, type: 2}
      propertyPath: m_LocalRotation.x
      value: 0
      objectReference: {fileID: 0}
    - target: {fileID: 4256760911736608, guid: 70d031c0d69b50649bea110450c6645b, type: 2}
      propertyPath: m_LocalRotation.y
      value: 0
      objectReference: {fileID: 0}
    - target: {fileID: 4256760911736608, guid: 70d031c0d69b50649bea110450c6645b, type: 2}
      propertyPath: m_LocalRotation.z
      value: 0
      objectReference: {fileID: 0}
    - target: {fileID: 4256760911736608, guid: 70d031c0d69b50649bea110450c6645b, type: 2}
      propertyPath: m_LocalRotation.w
      value: 1
      objectReference: {fileID: 0}
    - target: {fileID: 4256760911736608, guid: 70d031c0d69b50649bea110450c6645b, type: 2}
      propertyPath: m_RootOrder
      value: 5
      objectReference: {fileID: 0}
    - target: {fileID: 1464757241907016, guid: 70d031c0d69b50649bea110450c6645b, type: 2}
      propertyPath: m_Name
      value: EnemySphere (13)
      objectReference: {fileID: 0}
    m_RemovedComponents: []
  m_ParentPrefab: {fileID: 100100000, guid: 70d031c0d69b50649bea110450c6645b, type: 2}
  m_IsPrefabParent: 0
--- !u!1001 &316888641
Prefab:
  m_ObjectHideFlags: 0
  serializedVersion: 2
  m_Modification:
    m_TransformParent: {fileID: 0}
    m_Modifications:
    - target: {fileID: 4256760911736608, guid: 70d031c0d69b50649bea110450c6645b, type: 2}
      propertyPath: m_LocalPosition.x
      value: -11.342041
      objectReference: {fileID: 0}
    - target: {fileID: 4256760911736608, guid: 70d031c0d69b50649bea110450c6645b, type: 2}
      propertyPath: m_LocalPosition.y
      value: 3.77
      objectReference: {fileID: 0}
    - target: {fileID: 4256760911736608, guid: 70d031c0d69b50649bea110450c6645b, type: 2}
      propertyPath: m_LocalPosition.z
      value: 29.58568
      objectReference: {fileID: 0}
    - target: {fileID: 4256760911736608, guid: 70d031c0d69b50649bea110450c6645b, type: 2}
      propertyPath: m_LocalRotation.x
      value: 0
      objectReference: {fileID: 0}
    - target: {fileID: 4256760911736608, guid: 70d031c0d69b50649bea110450c6645b, type: 2}
      propertyPath: m_LocalRotation.y
      value: 0
      objectReference: {fileID: 0}
    - target: {fileID: 4256760911736608, guid: 70d031c0d69b50649bea110450c6645b, type: 2}
      propertyPath: m_LocalRotation.z
      value: 0
      objectReference: {fileID: 0}
    - target: {fileID: 4256760911736608, guid: 70d031c0d69b50649bea110450c6645b, type: 2}
      propertyPath: m_LocalRotation.w
      value: 1
      objectReference: {fileID: 0}
    - target: {fileID: 4256760911736608, guid: 70d031c0d69b50649bea110450c6645b, type: 2}
      propertyPath: m_RootOrder
      value: 10
      objectReference: {fileID: 0}
    - target: {fileID: 1464757241907016, guid: 70d031c0d69b50649bea110450c6645b, type: 2}
      propertyPath: m_Name
      value: EnemySphere (4)
      objectReference: {fileID: 0}
    m_RemovedComponents: []
  m_ParentPrefab: {fileID: 100100000, guid: 70d031c0d69b50649bea110450c6645b, type: 2}
  m_IsPrefabParent: 0
--- !u!1001 &572091618
Prefab:
  m_ObjectHideFlags: 0
  serializedVersion: 2
  m_Modification:
    m_TransformParent: {fileID: 0}
    m_Modifications:
    - target: {fileID: 4882947007955372, guid: 5d8c39b8410bc694982d8def15b2637d, type: 2}
      propertyPath: m_LocalPosition.x
      value: -26.183304
      objectReference: {fileID: 0}
    - target: {fileID: 4882947007955372, guid: 5d8c39b8410bc694982d8def15b2637d, type: 2}
      propertyPath: m_LocalPosition.y
      value: 0.98
      objectReference: {fileID: 0}
    - target: {fileID: 4882947007955372, guid: 5d8c39b8410bc694982d8def15b2637d, type: 2}
      propertyPath: m_LocalPosition.z
      value: 1.1662245
      objectReference: {fileID: 0}
    - target: {fileID: 4882947007955372, guid: 5d8c39b8410bc694982d8def15b2637d, type: 2}
      propertyPath: m_LocalRotation.x
      value: 0
      objectReference: {fileID: 0}
    - target: {fileID: 4882947007955372, guid: 5d8c39b8410bc694982d8def15b2637d, type: 2}
      propertyPath: m_LocalRotation.y
      value: 0
      objectReference: {fileID: 0}
    - target: {fileID: 4882947007955372, guid: 5d8c39b8410bc694982d8def15b2637d, type: 2}
      propertyPath: m_LocalRotation.z
      value: 0
      objectReference: {fileID: 0}
    - target: {fileID: 4882947007955372, guid: 5d8c39b8410bc694982d8def15b2637d, type: 2}
      propertyPath: m_LocalRotation.w
      value: 1
      objectReference: {fileID: 0}
    - target: {fileID: 4882947007955372, guid: 5d8c39b8410bc694982d8def15b2637d, type: 2}
      propertyPath: m_RootOrder
      value: 11
      objectReference: {fileID: 0}
    - target: {fileID: 1767426010734218, guid: 5d8c39b8410bc694982d8def15b2637d, type: 2}
      propertyPath: m_Name
      value: EnemyPyramid (3)
      objectReference: {fileID: 0}
    m_RemovedComponents: []
  m_ParentPrefab: {fileID: 100100000, guid: 5d8c39b8410bc694982d8def15b2637d, type: 2}
  m_IsPrefabParent: 0
--- !u!1001 &723294240
Prefab:
  m_ObjectHideFlags: 0
  serializedVersion: 2
  m_Modification:
    m_TransformParent: {fileID: 0}
    m_Modifications:
    - target: {fileID: 4882947007955372, guid: 5d8c39b8410bc694982d8def15b2637d, type: 2}
      propertyPath: m_LocalPosition.x
      value: 20.41
      objectReference: {fileID: 0}
    - target: {fileID: 4882947007955372, guid: 5d8c39b8410bc694982d8def15b2637d, type: 2}
      propertyPath: m_LocalPosition.y
      value: 0.971
      objectReference: {fileID: 0}
    - target: {fileID: 4882947007955372, guid: 5d8c39b8410bc694982d8def15b2637d, type: 2}
      propertyPath: m_LocalPosition.z
      value: -8.8
      objectReference: {fileID: 0}
    - target: {fileID: 4882947007955372, guid: 5d8c39b8410bc694982d8def15b2637d, type: 2}
      propertyPath: m_LocalRotation.x
      value: 0
      objectReference: {fileID: 0}
    - target: {fileID: 4882947007955372, guid: 5d8c39b8410bc694982d8def15b2637d, type: 2}
      propertyPath: m_LocalRotation.y
      value: 0
      objectReference: {fileID: 0}
    - target: {fileID: 4882947007955372, guid: 5d8c39b8410bc694982d8def15b2637d, type: 2}
      propertyPath: m_LocalRotation.z
      value: 0
      objectReference: {fileID: 0}
    - target: {fileID: 4882947007955372, guid: 5d8c39b8410bc694982d8def15b2637d, type: 2}
      propertyPath: m_LocalRotation.w
      value: 1
      objectReference: {fileID: 0}
    - target: {fileID: 4882947007955372, guid: 5d8c39b8410bc694982d8def15b2637d, type: 2}
      propertyPath: m_RootOrder
      value: 20
      objectReference: {fileID: 0}
    m_RemovedComponents: []
  m_ParentPrefab: {fileID: 100100000, guid: 5d8c39b8410bc694982d8def15b2637d, type: 2}
  m_IsPrefabParent: 0
--- !u!1001 &810690996
Prefab:
  m_ObjectHideFlags: 0
  serializedVersion: 2
  m_Modification:
    m_TransformParent: {fileID: 0}
    m_Modifications:
    - target: {fileID: 4180828224833620, guid: 1b561214a42270c43b9a01eaeebdce62, type: 2}
      propertyPath: m_LocalPosition.x
      value: -3.333435
      objectReference: {fileID: 0}
    - target: {fileID: 4180828224833620, guid: 1b561214a42270c43b9a01eaeebdce62, type: 2}
      propertyPath: m_LocalPosition.y
      value: -0.44879308
      objectReference: {fileID: 0}
    - target: {fileID: 4180828224833620, guid: 1b561214a42270c43b9a01eaeebdce62, type: 2}
      propertyPath: m_LocalPosition.z
      value: 12.31438
      objectReference: {fileID: 0}
    - target: {fileID: 4180828224833620, guid: 1b561214a42270c43b9a01eaeebdce62, type: 2}
      propertyPath: m_LocalRotation.x
      value: 0
      objectReference: {fileID: 0}
    - target: {fileID: 4180828224833620, guid: 1b561214a42270c43b9a01eaeebdce62, type: 2}
      propertyPath: m_LocalRotation.y
      value: 0
      objectReference: {fileID: 0}
    - target: {fileID: 4180828224833620, guid: 1b561214a42270c43b9a01eaeebdce62, type: 2}
      propertyPath: m_LocalRotation.z
      value: 0
      objectReference: {fileID: 0}
    - target: {fileID: 4180828224833620, guid: 1b561214a42270c43b9a01eaeebdce62, type: 2}
      propertyPath: m_LocalRotation.w
      value: 1
      objectReference: {fileID: 0}
    - target: {fileID: 4180828224833620, guid: 1b561214a42270c43b9a01eaeebdce62, type: 2}
      propertyPath: m_RootOrder
      value: 18
      objectReference: {fileID: 0}
    m_RemovedComponents: []
  m_ParentPrefab: {fileID: 100100000, guid: 1b561214a42270c43b9a01eaeebdce62, type: 2}
  m_IsPrefabParent: 0
--- !u!1 &839655657 stripped
GameObject:
  m_PrefabParentObject: {fileID: 1379280023790202, guid: 1b561214a42270c43b9a01eaeebdce62,
    type: 2}
  m_PrefabInternal: {fileID: 810690996}
--- !u!1 &892715398
GameObject:
  m_ObjectHideFlags: 0
  m_PrefabParentObject: {fileID: 0}
  m_PrefabInternal: {fileID: 0}
  serializedVersion: 5
  m_Component:
  - component: {fileID: 892715400}
  - component: {fileID: 892715399}
  m_Layer: 0
  m_Name: Directional Light
  m_TagString: Untagged
  m_Icon: {fileID: 0}
  m_NavMeshLayer: 0
  m_StaticEditorFlags: 0
  m_IsActive: 1
--- !u!108 &892715399
Light:
  m_ObjectHideFlags: 0
  m_PrefabParentObject: {fileID: 0}
  m_PrefabInternal: {fileID: 0}
  m_GameObject: {fileID: 892715398}
  m_Enabled: 1
  serializedVersion: 8
  m_Type: 1
  m_Color: {r: 1, g: 0.95686275, b: 0.8392157, a: 1}
  m_Intensity: 1
  m_Range: 10
  m_SpotAngle: 30
  m_CookieSize: 10
  m_Shadows:
    m_Type: 2
    m_Resolution: -1
    m_CustomResolution: -1
    m_Strength: 1
    m_Bias: 0.05
    m_NormalBias: 0.4
    m_NearPlane: 0.2
  m_Cookie: {fileID: 0}
  m_DrawHalo: 0
  m_Flare: {fileID: 0}
  m_RenderMode: 0
  m_CullingMask:
    serializedVersion: 2
    m_Bits: 4294967295
  m_Lightmapping: 4
  m_AreaSize: {x: 1, y: 1}
  m_BounceIntensity: 1
  m_ColorTemperature: 6570
  m_UseColorTemperature: 0
  m_ShadowRadius: 0
  m_ShadowAngle: 0
--- !u!4 &892715400
Transform:
  m_ObjectHideFlags: 0
  m_PrefabParentObject: {fileID: 0}
  m_PrefabInternal: {fileID: 0}
  m_GameObject: {fileID: 892715398}
  m_LocalRotation: {x: 0.40821788, y: -0.23456968, z: 0.10938163, w: 0.8754261}
  m_LocalPosition: {x: 0, y: 3, z: 0}
  m_LocalScale: {x: 1, y: 1, z: 1}
  m_Children: []
  m_Father: {fileID: 0}
  m_RootOrder: 0
  m_LocalEulerAnglesHint: {x: 50, y: -30, z: 0}
--- !u!1001 &904549708
Prefab:
  m_ObjectHideFlags: 0
  serializedVersion: 2
  m_Modification:
    m_TransformParent: {fileID: 0}
    m_Modifications:
    - target: {fileID: 4256760911736608, guid: 70d031c0d69b50649bea110450c6645b, type: 2}
      propertyPath: m_LocalPosition.x
      value: -16.43023
      objectReference: {fileID: 0}
    - target: {fileID: 4256760911736608, guid: 70d031c0d69b50649bea110450c6645b, type: 2}
      propertyPath: m_LocalPosition.y
      value: 7.23
      objectReference: {fileID: 0}
    - target: {fileID: 4256760911736608, guid: 70d031c0d69b50649bea110450c6645b, type: 2}
      propertyPath: m_LocalPosition.z
      value: 6.0939445
      objectReference: {fileID: 0}
    - target: {fileID: 4256760911736608, guid: 70d031c0d69b50649bea110450c6645b, type: 2}
      propertyPath: m_LocalRotation.x
      value: 0
      objectReference: {fileID: 0}
    - target: {fileID: 4256760911736608, guid: 70d031c0d69b50649bea110450c6645b, type: 2}
      propertyPath: m_LocalRotation.y
      value: 0
      objectReference: {fileID: 0}
    - target: {fileID: 4256760911736608, guid: 70d031c0d69b50649bea110450c6645b, type: 2}
      propertyPath: m_LocalRotation.z
      value: 0
      objectReference: {fileID: 0}
    - target: {fileID: 4256760911736608, guid: 70d031c0d69b50649bea110450c6645b, type: 2}
      propertyPath: m_LocalRotation.w
      value: 1
      objectReference: {fileID: 0}
    - target: {fileID: 4256760911736608, guid: 70d031c0d69b50649bea110450c6645b, type: 2}
      propertyPath: m_RootOrder
      value: 6
      objectReference: {fileID: 0}
    - target: {fileID: 1464757241907016, guid: 70d031c0d69b50649bea110450c6645b, type: 2}
      propertyPath: m_Name
      value: EnemySphere (12)
      objectReference: {fileID: 0}
    m_RemovedComponents: []
  m_ParentPrefab: {fileID: 100100000, guid: 70d031c0d69b50649bea110450c6645b, type: 2}
  m_IsPrefabParent: 0
--- !u!1001 &974207300
Prefab:
  m_ObjectHideFlags: 0
  serializedVersion: 2
  m_Modification:
    m_TransformParent: {fileID: 0}
    m_Modifications:
    - target: {fileID: 4256760911736608, guid: 70d031c0d69b50649bea110450c6645b, type: 2}
      propertyPath: m_LocalPosition.x
      value: -25.104782
      objectReference: {fileID: 0}
    - target: {fileID: 4256760911736608, guid: 70d031c0d69b50649bea110450c6645b, type: 2}
      propertyPath: m_LocalPosition.y
      value: 6.37
      objectReference: {fileID: 0}
    - target: {fileID: 4256760911736608, guid: 70d031c0d69b50649bea110450c6645b, type: 2}
      propertyPath: m_LocalPosition.z
      value: 6.2679873
      objectReference: {fileID: 0}
    - target: {fileID: 4256760911736608, guid: 70d031c0d69b50649bea110450c6645b, type: 2}
      propertyPath: m_LocalRotation.x
      value: 0
      objectReference: {fileID: 0}
    - target: {fileID: 4256760911736608, guid: 70d031c0d69b50649bea110450c6645b, type: 2}
      propertyPath: m_LocalRotation.y
      value: 0
      objectReference: {fileID: 0}
    - target: {fileID: 4256760911736608, guid: 70d031c0d69b50649bea110450c6645b, type: 2}
      propertyPath: m_LocalRotation.z
      value: 0
      objectReference: {fileID: 0}
    - target: {fileID: 4256760911736608, guid: 70d031c0d69b50649bea110450c6645b, type: 2}
      propertyPath: m_LocalRotation.w
      value: 1
      objectReference: {fileID: 0}
    - target: {fileID: 4256760911736608, guid: 70d031c0d69b50649bea110450c6645b, type: 2}
      propertyPath: m_RootOrder
      value: 15
      objectReference: {fileID: 0}
    m_RemovedComponents: []
  m_ParentPrefab: {fileID: 100100000, guid: 70d031c0d69b50649bea110450c6645b, type: 2}
  m_IsPrefabParent: 0
--- !u!1001 &1035165157
Prefab:
  m_ObjectHideFlags: 0
  serializedVersion: 2
  m_Modification:
    m_TransformParent: {fileID: 0}
    m_Modifications:
    - target: {fileID: 4256760911736608, guid: 70d031c0d69b50649bea110450c6645b, type: 2}
      propertyPath: m_LocalPosition.x
      value: -1.690583
      objectReference: {fileID: 0}
    - target: {fileID: 4256760911736608, guid: 70d031c0d69b50649bea110450c6645b, type: 2}
      propertyPath: m_LocalPosition.y
      value: 7.99
      objectReference: {fileID: 0}
    - target: {fileID: 4256760911736608, guid: 70d031c0d69b50649bea110450c6645b, type: 2}
      propertyPath: m_LocalPosition.z
      value: 32.353096
      objectReference: {fileID: 0}
    - target: {fileID: 4256760911736608, guid: 70d031c0d69b50649bea110450c6645b, type: 2}
      propertyPath: m_LocalRotation.x
      value: 0
      objectReference: {fileID: 0}
    - target: {fileID: 4256760911736608, guid: 70d031c0d69b50649bea110450c6645b, type: 2}
      propertyPath: m_LocalRotation.y
      value: 0
      objectReference: {fileID: 0}
    - target: {fileID: 4256760911736608, guid: 70d031c0d69b50649bea110450c6645b, type: 2}
      propertyPath: m_LocalRotation.z
      value: 0
      objectReference: {fileID: 0}
    - target: {fileID: 4256760911736608, guid: 70d031c0d69b50649bea110450c6645b, type: 2}
      propertyPath: m_LocalRotation.w
      value: 1
      objectReference: {fileID: 0}
    - target: {fileID: 4256760911736608, guid: 70d031c0d69b50649bea110450c6645b, type: 2}
      propertyPath: m_RootOrder
      value: 7
      objectReference: {fileID: 0}
    - target: {fileID: 1464757241907016, guid: 70d031c0d69b50649bea110450c6645b, type: 2}
      propertyPath: m_Name
      value: EnemySphere (11)
      objectReference: {fileID: 0}
    m_RemovedComponents: []
  m_ParentPrefab: {fileID: 100100000, guid: 70d031c0d69b50649bea110450c6645b, type: 2}
  m_IsPrefabParent: 0
--- !u!1001 &1054575876
Prefab:
  m_ObjectHideFlags: 0
  serializedVersion: 2
  m_Modification:
    m_TransformParent: {fileID: 0}
    m_Modifications:
    - target: {fileID: 4882947007955372, guid: 5d8c39b8410bc694982d8def15b2637d, type: 2}
      propertyPath: m_LocalPosition.x
      value: -9.973594
      objectReference: {fileID: 0}
    - target: {fileID: 4882947007955372, guid: 5d8c39b8410bc694982d8def15b2637d, type: 2}
      propertyPath: m_LocalPosition.y
      value: 1.06
      objectReference: {fileID: 0}
    - target: {fileID: 4882947007955372, guid: 5d8c39b8410bc694982d8def15b2637d, type: 2}
      propertyPath: m_LocalPosition.z
      value: -2.5883427
      objectReference: {fileID: 0}
    - target: {fileID: 4882947007955372, guid: 5d8c39b8410bc694982d8def15b2637d, type: 2}
      propertyPath: m_LocalRotation.x
      value: 0
      objectReference: {fileID: 0}
    - target: {fileID: 4882947007955372, guid: 5d8c39b8410bc694982d8def15b2637d, type: 2}
      propertyPath: m_LocalRotation.y
      value: 0
      objectReference: {fileID: 0}
    - target: {fileID: 4882947007955372, guid: 5d8c39b8410bc694982d8def15b2637d, type: 2}
      propertyPath: m_LocalRotation.z
      value: 0
      objectReference: {fileID: 0}
    - target: {fileID: 4882947007955372, guid: 5d8c39b8410bc694982d8def15b2637d, type: 2}
      propertyPath: m_LocalRotation.w
      value: 1
      objectReference: {fileID: 0}
    - target: {fileID: 4882947007955372, guid: 5d8c39b8410bc694982d8def15b2637d, type: 2}
      propertyPath: m_RootOrder
      value: 1
      objectReference: {fileID: 0}
    - target: {fileID: 1767426010734218, guid: 5d8c39b8410bc694982d8def15b2637d, type: 2}
      propertyPath: m_Name
      value: EnemyPyramid (7)
      objectReference: {fileID: 0}
    m_RemovedComponents: []
  m_ParentPrefab: {fileID: 100100000, guid: 5d8c39b8410bc694982d8def15b2637d, type: 2}
  m_IsPrefabParent: 0
--- !u!1 &1170585768
GameObject:
  m_ObjectHideFlags: 0
  m_PrefabParentObject: {fileID: 0}
  m_PrefabInternal: {fileID: 0}
  serializedVersion: 5
  m_Component:
  - component: {fileID: 1170585772}
  - component: {fileID: 1170585771}
  - component: {fileID: 1170585770}
  - component: {fileID: 1170585769}
  m_Layer: 0
  m_Name: Wall (3)
  m_TagString: Solid
  m_Icon: {fileID: 0}
  m_NavMeshLayer: 0
  m_StaticEditorFlags: 0
  m_IsActive: 1
--- !u!23 &1170585769
MeshRenderer:
  m_ObjectHideFlags: 0
  m_PrefabParentObject: {fileID: 0}
  m_PrefabInternal: {fileID: 0}
  m_GameObject: {fileID: 1170585768}
  m_Enabled: 1
  m_CastShadows: 1
  m_ReceiveShadows: 1
  m_DynamicOccludee: 1
  m_MotionVectors: 1
  m_LightProbeUsage: 1
  m_ReflectionProbeUsage: 1
  m_Materials:
  - {fileID: 2100000, guid: b0c43345436eba94292af0553ad0212b, type: 2}
  m_StaticBatchInfo:
    firstSubMesh: 0
    subMeshCount: 0
  m_StaticBatchRoot: {fileID: 0}
  m_ProbeAnchor: {fileID: 0}
  m_LightProbeVolumeOverride: {fileID: 0}
  m_ScaleInLightmap: 1
  m_PreserveUVs: 1
  m_IgnoreNormalsForChartDetection: 0
  m_ImportantGI: 0
  m_StitchLightmapSeams: 0
  m_SelectedEditorRenderState: 3
  m_MinimumChartSize: 4
  m_AutoUVMaxDistance: 0.5
  m_AutoUVMaxAngle: 89
  m_LightmapParameters: {fileID: 0}
  m_SortingLayerID: 0
  m_SortingLayer: 0
  m_SortingOrder: 0
--- !u!65 &1170585770
BoxCollider:
  m_ObjectHideFlags: 0
  m_PrefabParentObject: {fileID: 0}
  m_PrefabInternal: {fileID: 0}
  m_GameObject: {fileID: 1170585768}
  m_Material: {fileID: 0}
  m_IsTrigger: 0
  m_Enabled: 1
  serializedVersion: 2
  m_Size: {x: 1, y: 1, z: 1}
  m_Center: {x: 0, y: 0, z: 0}
--- !u!33 &1170585771
MeshFilter:
  m_ObjectHideFlags: 0
  m_PrefabParentObject: {fileID: 0}
  m_PrefabInternal: {fileID: 0}
  m_GameObject: {fileID: 1170585768}
  m_Mesh: {fileID: 10202, guid: 0000000000000000e000000000000000, type: 0}
--- !u!4 &1170585772
Transform:
  m_ObjectHideFlags: 0
  m_PrefabParentObject: {fileID: 0}
  m_PrefabInternal: {fileID: 0}
  m_GameObject: {fileID: 1170585768}
  m_LocalRotation: {x: 0, y: 0.7071068, z: 0, w: 0.7071068}
  m_LocalPosition: {x: 73.5, y: 7.1, z: -0.6}
  m_LocalScale: {x: 141.87479, y: 16.489258, z: 4.1123395}
  m_Children: []
  m_Father: {fileID: 0}
  m_RootOrder: 30
  m_LocalEulerAnglesHint: {x: 0, y: 90, z: 0}
--- !u!1001 &1197019492
Prefab:
  m_ObjectHideFlags: 0
  serializedVersion: 2
  m_Modification:
    m_TransformParent: {fileID: 0}
    m_Modifications:
    - target: {fileID: 4882947007955372, guid: 5d8c39b8410bc694982d8def15b2637d, type: 2}
      propertyPath: m_LocalPosition.x
      value: 20.380737
      objectReference: {fileID: 0}
    - target: {fileID: 4882947007955372, guid: 5d8c39b8410bc694982d8def15b2637d, type: 2}
      propertyPath: m_LocalPosition.y
      value: 1.56
      objectReference: {fileID: 0}
    - target: {fileID: 4882947007955372, guid: 5d8c39b8410bc694982d8def15b2637d, type: 2}
      propertyPath: m_LocalPosition.z
      value: 0.8161135
      objectReference: {fileID: 0}
    - target: {fileID: 4882947007955372, guid: 5d8c39b8410bc694982d8def15b2637d, type: 2}
      propertyPath: m_LocalRotation.x
      value: 0
      objectReference: {fileID: 0}
    - target: {fileID: 4882947007955372, guid: 5d8c39b8410bc694982d8def15b2637d, type: 2}
      propertyPath: m_LocalRotation.y
      value: 0
      objectReference: {fileID: 0}
    - target: {fileID: 4882947007955372, guid: 5d8c39b8410bc694982d8def15b2637d, type: 2}
      propertyPath: m_LocalRotation.z
      value: 0
      objectReference: {fileID: 0}
    - target: {fileID: 4882947007955372, guid: 5d8c39b8410bc694982d8def15b2637d, type: 2}
      propertyPath: m_LocalRotation.w
      value: 1
      objectReference: {fileID: 0}
    - target: {fileID: 4882947007955372, guid: 5d8c39b8410bc694982d8def15b2637d, type: 2}
      propertyPath: m_RootOrder
      value: 3
      objectReference: {fileID: 0}
    - target: {fileID: 1767426010734218, guid: 5d8c39b8410bc694982d8def15b2637d, type: 2}
      propertyPath: m_Name
      value: EnemyPyramid (5)
      objectReference: {fileID: 0}
    m_RemovedComponents: []
  m_ParentPrefab: {fileID: 100100000, guid: 5d8c39b8410bc694982d8def15b2637d, type: 2}
  m_IsPrefabParent: 0
--- !u!1 &1204137983
GameObject:
  m_ObjectHideFlags: 0
  m_PrefabParentObject: {fileID: 0}
  m_PrefabInternal: {fileID: 0}
  serializedVersion: 5
  m_Component:
  - component: {fileID: 1204137987}
  - component: {fileID: 1204137986}
  - component: {fileID: 1204137985}
  - component: {fileID: 1204137984}
  m_Layer: 0
  m_Name: Plane
  m_TagString: Solid
  m_Icon: {fileID: 0}
  m_NavMeshLayer: 0
  m_StaticEditorFlags: 0
  m_IsActive: 1
--- !u!23 &1204137984
MeshRenderer:
  m_ObjectHideFlags: 0
  m_PrefabParentObject: {fileID: 0}
  m_PrefabInternal: {fileID: 0}
  m_GameObject: {fileID: 1204137983}
  m_Enabled: 1
  m_CastShadows: 1
  m_ReceiveShadows: 1
  m_DynamicOccludee: 1
  m_MotionVectors: 1
  m_LightProbeUsage: 1
  m_ReflectionProbeUsage: 1
  m_Materials:
  - {fileID: 2100000, guid: c67e29bd64f78124f8ca62eb9d894edb, type: 2}
  m_StaticBatchInfo:
    firstSubMesh: 0
    subMeshCount: 0
  m_StaticBatchRoot: {fileID: 0}
  m_ProbeAnchor: {fileID: 0}
  m_LightProbeVolumeOverride: {fileID: 0}
  m_ScaleInLightmap: 1
  m_PreserveUVs: 1
  m_IgnoreNormalsForChartDetection: 0
  m_ImportantGI: 0
  m_StitchLightmapSeams: 0
  m_SelectedEditorRenderState: 3
  m_MinimumChartSize: 4
  m_AutoUVMaxDistance: 0.5
  m_AutoUVMaxAngle: 89
  m_LightmapParameters: {fileID: 0}
  m_SortingLayerID: 0
  m_SortingLayer: 0
  m_SortingOrder: 0
--- !u!64 &1204137985
MeshCollider:
  m_ObjectHideFlags: 0
  m_PrefabParentObject: {fileID: 0}
  m_PrefabInternal: {fileID: 0}
  m_GameObject: {fileID: 1204137983}
  m_Material: {fileID: 0}
  m_IsTrigger: 0
  m_Enabled: 1
  serializedVersion: 3
  m_Convex: 0
  m_CookingOptions: 14
  m_SkinWidth: 0.01
  m_Mesh: {fileID: 10209, guid: 0000000000000000e000000000000000, type: 0}
--- !u!33 &1204137986
MeshFilter:
  m_ObjectHideFlags: 0
  m_PrefabParentObject: {fileID: 0}
  m_PrefabInternal: {fileID: 0}
  m_GameObject: {fileID: 1204137983}
  m_Mesh: {fileID: 10209, guid: 0000000000000000e000000000000000, type: 0}
--- !u!4 &1204137987
Transform:
  m_ObjectHideFlags: 0
  m_PrefabParentObject: {fileID: 0}
  m_PrefabInternal: {fileID: 0}
  m_GameObject: {fileID: 1204137983}
  m_LocalRotation: {x: 0, y: 0, z: 0, w: 1}
  m_LocalPosition: {x: 1.6248808, y: 0, z: -3.6528835}
  m_LocalScale: {x: 18.304424, y: 18.304428, z: 18.304428}
  m_Children: []
  m_Father: {fileID: 0}
  m_RootOrder: 26
  m_LocalEulerAnglesHint: {x: 0, y: 0, z: 0}
--- !u!1001 &1424729764
Prefab:
  m_ObjectHideFlags: 0
  serializedVersion: 2
  m_Modification:
    m_TransformParent: {fileID: 0}
    m_Modifications:
    - target: {fileID: 4256760911736608, guid: 70d031c0d69b50649bea110450c6645b, type: 2}
      propertyPath: m_LocalPosition.x
      value: -10.68
      objectReference: {fileID: 0}
    - target: {fileID: 4256760911736608, guid: 70d031c0d69b50649bea110450c6645b, type: 2}
      propertyPath: m_LocalPosition.y
      value: 3.26
      objectReference: {fileID: 0}
    - target: {fileID: 4256760911736608, guid: 70d031c0d69b50649bea110450c6645b, type: 2}
      propertyPath: m_LocalPosition.z
      value: 11.346653
      objectReference: {fileID: 0}
    - target: {fileID: 4256760911736608, guid: 70d031c0d69b50649bea110450c6645b, type: 2}
      propertyPath: m_LocalRotation.x
      value: 0
      objectReference: {fileID: 0}
    - target: {fileID: 4256760911736608, guid: 70d031c0d69b50649bea110450c6645b, type: 2}
      propertyPath: m_LocalRotation.y
      value: 0
      objectReference: {fileID: 0}
    - target: {fileID: 4256760911736608, guid: 70d031c0d69b50649bea110450c6645b, type: 2}
      propertyPath: m_LocalRotation.z
      value: 0
      objectReference: {fileID: 0}
    - target: {fileID: 4256760911736608, guid: 70d031c0d69b50649bea110450c6645b, type: 2}
      propertyPath: m_LocalRotation.w
      value: 1
      objectReference: {fileID: 0}
    - target: {fileID: 4256760911736608, guid: 70d031c0d69b50649bea110450c6645b, type: 2}
      propertyPath: m_RootOrder
      value: 23
      objectReference: {fileID: 0}
    - target: {fileID: 1464757241907016, guid: 70d031c0d69b50649bea110450c6645b, type: 2}
      propertyPath: m_Name
      value: EnemySphere (8)
      objectReference: {fileID: 0}
    m_RemovedComponents: []
  m_ParentPrefab: {fileID: 100100000, guid: 70d031c0d69b50649bea110450c6645b, type: 2}
  m_IsPrefabParent: 0
--- !u!1001 &1435022727
Prefab:
  m_ObjectHideFlags: 0
  serializedVersion: 2
  m_Modification:
    m_TransformParent: {fileID: 0}
    m_Modifications:
    - target: {fileID: 4256760911736608, guid: 70d031c0d69b50649bea110450c6645b, type: 2}
      propertyPath: m_LocalPosition.x
      value: -2.57
      objectReference: {fileID: 0}
    - target: {fileID: 4256760911736608, guid: 70d031c0d69b50649bea110450c6645b, type: 2}
      propertyPath: m_LocalPosition.y
      value: 6.43
      objectReference: {fileID: 0}
    - target: {fileID: 4256760911736608, guid: 70d031c0d69b50649bea110450c6645b, type: 2}
      propertyPath: m_LocalPosition.z
      value: 3.06
      objectReference: {fileID: 0}
    - target: {fileID: 4256760911736608, guid: 70d031c0d69b50649bea110450c6645b, type: 2}
      propertyPath: m_LocalRotation.x
      value: 0
      objectReference: {fileID: 0}
    - target: {fileID: 4256760911736608, guid: 70d031c0d69b50649bea110450c6645b, type: 2}
      propertyPath: m_LocalRotation.y
      value: 0
      objectReference: {fileID: 0}
    - target: {fileID: 4256760911736608, guid: 70d031c0d69b50649bea110450c6645b, type: 2}
      propertyPath: m_LocalRotation.z
      value: 0
      objectReference: {fileID: 0}
    - target: {fileID: 4256760911736608, guid: 70d031c0d69b50649bea110450c6645b, type: 2}
      propertyPath: m_LocalRotation.w
      value: 1
      objectReference: {fileID: 0}
    - target: {fileID: 4256760911736608, guid: 70d031c0d69b50649bea110450c6645b, type: 2}
      propertyPath: m_RootOrder
      value: 25
      objectReference: {fileID: 0}
    - target: {fileID: 1464757241907016, guid: 70d031c0d69b50649bea110450c6645b, type: 2}
      propertyPath: m_Name
      value: EnemySphere (10)
      objectReference: {fileID: 0}
    m_RemovedComponents: []
  m_ParentPrefab: {fileID: 100100000, guid: 70d031c0d69b50649bea110450c6645b, type: 2}
  m_IsPrefabParent: 0
--- !u!1001 &1528177176
Prefab:
  m_ObjectHideFlags: 0
  serializedVersion: 2
  m_Modification:
    m_TransformParent: {fileID: 0}
    m_Modifications:
    - target: {fileID: 4882947007955372, guid: 5d8c39b8410bc694982d8def15b2637d, type: 2}
      propertyPath: m_LocalPosition.x
      value: -14.525191
      objectReference: {fileID: 0}
    - target: {fileID: 4882947007955372, guid: 5d8c39b8410bc694982d8def15b2637d, type: 2}
      propertyPath: m_LocalPosition.y
      value: 1.14
      objectReference: {fileID: 0}
    - target: {fileID: 4882947007955372, guid: 5d8c39b8410bc694982d8def15b2637d, type: 2}
      propertyPath: m_LocalPosition.z
      value: -7.81
      objectReference: {fileID: 0}
    - target: {fileID: 4882947007955372, guid: 5d8c39b8410bc694982d8def15b2637d, type: 2}
      propertyPath: m_LocalRotation.x
      value: 0
      objectReference: {fileID: 0}
    - target: {fileID: 4882947007955372, guid: 5d8c39b8410bc694982d8def15b2637d, type: 2}
      propertyPath: m_LocalRotation.y
      value: 0
      objectReference: {fileID: 0}
    - target: {fileID: 4882947007955372, guid: 5d8c39b8410bc694982d8def15b2637d, type: 2}
      propertyPath: m_LocalRotation.z
      value: 0
      objectReference: {fileID: 0}
    - target: {fileID: 4882947007955372, guid: 5d8c39b8410bc694982d8def15b2637d, type: 2}
      propertyPath: m_LocalRotation.w
      value: 1
      objectReference: {fileID: 0}
    - target: {fileID: 4882947007955372, guid: 5d8c39b8410bc694982d8def15b2637d, type: 2}
      propertyPath: m_RootOrder
      value: 4
      objectReference: {fileID: 0}
    - target: {fileID: 1767426010734218, guid: 5d8c39b8410bc694982d8def15b2637d, type: 2}
      propertyPath: m_Name
      value: EnemyPyramid (4)
      objectReference: {fileID: 0}
    m_RemovedComponents: []
  m_ParentPrefab: {fileID: 100100000, guid: 5d8c39b8410bc694982d8def15b2637d, type: 2}
  m_IsPrefabParent: 0
--- !u!1001 &1571936374
Prefab:
  m_ObjectHideFlags: 0
  serializedVersion: 2
  m_Modification:
    m_TransformParent: {fileID: 0}
    m_Modifications:
    - target: {fileID: 4882947007955372, guid: 5d8c39b8410bc694982d8def15b2637d, type: 2}
      propertyPath: m_LocalPosition.x
      value: -24.43031
      objectReference: {fileID: 0}
    - target: {fileID: 4882947007955372, guid: 5d8c39b8410bc694982d8def15b2637d, type: 2}
      propertyPath: m_LocalPosition.y
      value: 1.4
      objectReference: {fileID: 0}
    - target: {fileID: 4882947007955372, guid: 5d8c39b8410bc694982d8def15b2637d, type: 2}
      propertyPath: m_LocalPosition.z
      value: 25.806911
      objectReference: {fileID: 0}
    - target: {fileID: 4882947007955372, guid: 5d8c39b8410bc694982d8def15b2637d, type: 2}
      propertyPath: m_LocalRotation.x
      value: 0
      objectReference: {fileID: 0}
    - target: {fileID: 4882947007955372, guid: 5d8c39b8410bc694982d8def15b2637d, type: 2}
      propertyPath: m_LocalRotation.y
      value: 0
      objectReference: {fileID: 0}
    - target: {fileID: 4882947007955372, guid: 5d8c39b8410bc694982d8def15b2637d, type: 2}
      propertyPath: m_LocalRotation.z
      value: 0
      objectReference: {fileID: 0}
    - target: {fileID: 4882947007955372, guid: 5d8c39b8410bc694982d8def15b2637d, type: 2}
      propertyPath: m_LocalRotation.w
      value: 1
      objectReference: {fileID: 0}
    - target: {fileID: 4882947007955372, guid: 5d8c39b8410bc694982d8def15b2637d, type: 2}
      propertyPath: m_RootOrder
      value: 2
      objectReference: {fileID: 0}
    - target: {fileID: 1767426010734218, guid: 5d8c39b8410bc694982d8def15b2637d, type: 2}
      propertyPath: m_Name
      value: EnemyPyramid (6)
      objectReference: {fileID: 0}
    m_RemovedComponents: []
  m_ParentPrefab: {fileID: 100100000, guid: 5d8c39b8410bc694982d8def15b2637d, type: 2}
  m_IsPrefabParent: 0
--- !u!4 &1585260711 stripped
Transform:
  m_PrefabParentObject: {fileID: 4913418071903656, guid: 1b561214a42270c43b9a01eaeebdce62,
    type: 2}
  m_PrefabInternal: {fileID: 810690996}
--- !u!1 &1597538510 stripped
GameObject:
  m_PrefabParentObject: {fileID: 1540981816587618, guid: 1b561214a42270c43b9a01eaeebdce62,
    type: 2}
  m_PrefabInternal: {fileID: 810690996}
--- !u!1 &1609093679
GameObject:
  m_ObjectHideFlags: 0
  m_PrefabParentObject: {fileID: 0}
  m_PrefabInternal: {fileID: 0}
  serializedVersion: 5
  m_Component:
  - component: {fileID: 1609093683}
  - component: {fileID: 1609093682}
  - component: {fileID: 1609093681}
  - component: {fileID: 1609093680}
  m_Layer: 0
  m_Name: Wall (2)
  m_TagString: Solid
  m_Icon: {fileID: 0}
  m_NavMeshLayer: 0
  m_StaticEditorFlags: 0
  m_IsActive: 1
--- !u!23 &1609093680
MeshRenderer:
  m_ObjectHideFlags: 0
  m_PrefabParentObject: {fileID: 0}
  m_PrefabInternal: {fileID: 0}
  m_GameObject: {fileID: 1609093679}
  m_Enabled: 1
  m_CastShadows: 1
  m_ReceiveShadows: 1
  m_DynamicOccludee: 1
  m_MotionVectors: 1
  m_LightProbeUsage: 1
  m_ReflectionProbeUsage: 1
  m_Materials:
  - {fileID: 2100000, guid: b0c43345436eba94292af0553ad0212b, type: 2}
  m_StaticBatchInfo:
    firstSubMesh: 0
    subMeshCount: 0
  m_StaticBatchRoot: {fileID: 0}
  m_ProbeAnchor: {fileID: 0}
  m_LightProbeVolumeOverride: {fileID: 0}
  m_ScaleInLightmap: 1
  m_PreserveUVs: 1
  m_IgnoreNormalsForChartDetection: 0
  m_ImportantGI: 0
  m_StitchLightmapSeams: 0
  m_SelectedEditorRenderState: 3
  m_MinimumChartSize: 4
  m_AutoUVMaxDistance: 0.5
  m_AutoUVMaxAngle: 89
  m_LightmapParameters: {fileID: 0}
  m_SortingLayerID: 0
  m_SortingLayer: 0
  m_SortingOrder: 0
--- !u!65 &1609093681
BoxCollider:
  m_ObjectHideFlags: 0
  m_PrefabParentObject: {fileID: 0}
  m_PrefabInternal: {fileID: 0}
  m_GameObject: {fileID: 1609093679}
  m_Material: {fileID: 0}
  m_IsTrigger: 0
  m_Enabled: 1
  serializedVersion: 2
  m_Size: {x: 1, y: 1, z: 1}
  m_Center: {x: 0, y: 0, z: 0}
--- !u!33 &1609093682
MeshFilter:
  m_ObjectHideFlags: 0
  m_PrefabParentObject: {fileID: 0}
  m_PrefabInternal: {fileID: 0}
  m_GameObject: {fileID: 1609093679}
  m_Mesh: {fileID: 10202, guid: 0000000000000000e000000000000000, type: 0}
--- !u!4 &1609093683
Transform:
  m_ObjectHideFlags: 0
  m_PrefabParentObject: {fileID: 0}
  m_PrefabInternal: {fileID: 0}
  m_GameObject: {fileID: 1609093679}
  m_LocalRotation: {x: 0, y: 0.7071068, z: 0, w: 0.7071068}
  m_LocalPosition: {x: -52.3, y: 7.1, z: -0.6}
  m_LocalScale: {x: 141.87479, y: 16.489258, z: 4.1123395}
  m_Children: []
  m_Father: {fileID: 0}
  m_RootOrder: 29
  m_LocalEulerAnglesHint: {x: 0, y: 90, z: 0}
--- !u!1001 &1676135013
Prefab:
  m_ObjectHideFlags: 0
  serializedVersion: 2
  m_Modification:
    m_TransformParent: {fileID: 0}
    m_Modifications:
    - target: {fileID: 4170832745208132, guid: 86f925c2b69aefb408b3da3663fd2b1c, type: 2}
      propertyPath: m_LocalPosition.x
      value: 3.3585339
      objectReference: {fileID: 0}
    - target: {fileID: 4170832745208132, guid: 86f925c2b69aefb408b3da3663fd2b1c, type: 2}
      propertyPath: m_LocalPosition.y
      value: 0.996
      objectReference: {fileID: 0}
    - target: {fileID: 4170832745208132, guid: 86f925c2b69aefb408b3da3663fd2b1c, type: 2}
      propertyPath: m_LocalPosition.z
      value: 6.891286
      objectReference: {fileID: 0}
    - target: {fileID: 4170832745208132, guid: 86f925c2b69aefb408b3da3663fd2b1c, type: 2}
      propertyPath: m_LocalRotation.x
      value: 0
      objectReference: {fileID: 0}
    - target: {fileID: 4170832745208132, guid: 86f925c2b69aefb408b3da3663fd2b1c, type: 2}
      propertyPath: m_LocalRotation.y
      value: 0
      objectReference: {fileID: 0}
    - target: {fileID: 4170832745208132, guid: 86f925c2b69aefb408b3da3663fd2b1c, type: 2}
      propertyPath: m_LocalRotation.z
      value: 0
      objectReference: {fileID: 0}
    - target: {fileID: 4170832745208132, guid: 86f925c2b69aefb408b3da3663fd2b1c, type: 2}
      propertyPath: m_LocalRotation.w
      value: 1
      objectReference: {fileID: 0}
    - target: {fileID: 4170832745208132, guid: 86f925c2b69aefb408b3da3663fd2b1c, type: 2}
      propertyPath: m_RootOrder
      value: 17
      objectReference: {fileID: 0}
    - target: {fileID: 114184980181826558, guid: 86f925c2b69aefb408b3da3663fd2b1c,
        type: 2}
      propertyPath: BulletSpawn
      value: 
      objectReference: {fileID: 1585260711}
    - target: {fileID: 114672981364790742, guid: 86f925c2b69aefb408b3da3663fd2b1c,
        type: 2}
      propertyPath: Robot
      value: 
      objectReference: {fileID: 839655657}
    - target: {fileID: 114169259150103712, guid: 86f925c2b69aefb408b3da3663fd2b1c,
        type: 2}
      propertyPath: Turret
      value: 
      objectReference: {fileID: 1597538510}
    - target: {fileID: 114169259150103712, guid: 86f925c2b69aefb408b3da3663fd2b1c,
        type: 2}
      propertyPath: Gun
      value: 
      objectReference: {fileID: 2020027876}
    m_RemovedComponents: []
  m_ParentPrefab: {fileID: 100100000, guid: 86f925c2b69aefb408b3da3663fd2b1c, type: 2}
  m_IsPrefabParent: 0
--- !u!1 &1679038742
GameObject:
  m_ObjectHideFlags: 0
  m_PrefabParentObject: {fileID: 0}
  m_PrefabInternal: {fileID: 0}
  serializedVersion: 5
  m_Component:
  - component: {fileID: 1679038746}
  - component: {fileID: 1679038745}
  - component: {fileID: 1679038744}
  - component: {fileID: 1679038743}
  m_Layer: 0
  m_Name: Wall (1)
  m_TagString: Solid
  m_Icon: {fileID: 0}
  m_NavMeshLayer: 0
  m_StaticEditorFlags: 0
  m_IsActive: 1
--- !u!23 &1679038743
MeshRenderer:
  m_ObjectHideFlags: 0
  m_PrefabParentObject: {fileID: 0}
  m_PrefabInternal: {fileID: 0}
  m_GameObject: {fileID: 1679038742}
  m_Enabled: 1
  m_CastShadows: 1
  m_ReceiveShadows: 1
  m_DynamicOccludee: 1
  m_MotionVectors: 1
  m_LightProbeUsage: 1
  m_ReflectionProbeUsage: 1
  m_Materials:
  - {fileID: 2100000, guid: b0c43345436eba94292af0553ad0212b, type: 2}
  m_StaticBatchInfo:
    firstSubMesh: 0
    subMeshCount: 0
  m_StaticBatchRoot: {fileID: 0}
  m_ProbeAnchor: {fileID: 0}
  m_LightProbeVolumeOverride: {fileID: 0}
  m_ScaleInLightmap: 1
  m_PreserveUVs: 1
  m_IgnoreNormalsForChartDetection: 0
  m_ImportantGI: 0
  m_StitchLightmapSeams: 0
  m_SelectedEditorRenderState: 3
  m_MinimumChartSize: 4
  m_AutoUVMaxDistance: 0.5
  m_AutoUVMaxAngle: 89
  m_LightmapParameters: {fileID: 0}
  m_SortingLayerID: 0
  m_SortingLayer: 0
  m_SortingOrder: 0
--- !u!65 &1679038744
BoxCollider:
  m_ObjectHideFlags: 0
  m_PrefabParentObject: {fileID: 0}
  m_PrefabInternal: {fileID: 0}
  m_GameObject: {fileID: 1679038742}
  m_Material: {fileID: 0}
  m_IsTrigger: 0
  m_Enabled: 1
  serializedVersion: 2
  m_Size: {x: 1, y: 1, z: 1}
  m_Center: {x: 0, y: 0, z: 0}
--- !u!33 &1679038745
MeshFilter:
  m_ObjectHideFlags: 0
  m_PrefabParentObject: {fileID: 0}
  m_PrefabInternal: {fileID: 0}
  m_GameObject: {fileID: 1679038742}
  m_Mesh: {fileID: 10202, guid: 0000000000000000e000000000000000, type: 0}
--- !u!4 &1679038746
Transform:
  m_ObjectHideFlags: 0
  m_PrefabParentObject: {fileID: 0}
  m_PrefabInternal: {fileID: 0}
  m_GameObject: {fileID: 1679038742}
  m_LocalRotation: {x: 0, y: 0, z: 0, w: 1}
  m_LocalPosition: {x: 12.226028, y: 7.1, z: -72.2}
  m_LocalScale: {x: 141.87479, y: 16.489258, z: 4.1123395}
  m_Children: []
  m_Father: {fileID: 0}
  m_RootOrder: 28
  m_LocalEulerAnglesHint: {x: 0, y: 0, z: 0}
--- !u!1 &1822775842
GameObject:
  m_ObjectHideFlags: 0
  m_PrefabParentObject: {fileID: 0}
  m_PrefabInternal: {fileID: 0}
  serializedVersion: 5
  m_Component:
  - component: {fileID: 1822775846}
  - component: {fileID: 1822775845}
  - component: {fileID: 1822775844}
  - component: {fileID: 1822775843}
  - component: {fileID: 1822775847}
  m_Layer: 0
  m_Name: Wall
  m_TagString: Solid
  m_Icon: {fileID: 0}
  m_NavMeshLayer: 0
  m_StaticEditorFlags: 0
  m_IsActive: 1
--- !u!23 &1822775843
MeshRenderer:
  m_ObjectHideFlags: 0
  m_PrefabParentObject: {fileID: 0}
  m_PrefabInternal: {fileID: 0}
  m_GameObject: {fileID: 1822775842}
  m_Enabled: 1
  m_CastShadows: 1
  m_ReceiveShadows: 1
  m_DynamicOccludee: 1
  m_MotionVectors: 1
  m_LightProbeUsage: 1
  m_ReflectionProbeUsage: 1
  m_Materials:
  - {fileID: 2100000, guid: b0c43345436eba94292af0553ad0212b, type: 2}
  m_StaticBatchInfo:
    firstSubMesh: 0
    subMeshCount: 0
  m_StaticBatchRoot: {fileID: 0}
  m_ProbeAnchor: {fileID: 0}
  m_LightProbeVolumeOverride: {fileID: 0}
  m_ScaleInLightmap: 1
  m_PreserveUVs: 1
  m_IgnoreNormalsForChartDetection: 0
  m_ImportantGI: 0
  m_StitchLightmapSeams: 0
  m_SelectedEditorRenderState: 3
  m_MinimumChartSize: 4
  m_AutoUVMaxDistance: 0.5
  m_AutoUVMaxAngle: 89
  m_LightmapParameters: {fileID: 0}
  m_SortingLayerID: 0
  m_SortingLayer: 0
  m_SortingOrder: 0
--- !u!65 &1822775844
BoxCollider:
  m_ObjectHideFlags: 0
  m_PrefabParentObject: {fileID: 0}
  m_PrefabInternal: {fileID: 0}
  m_GameObject: {fileID: 1822775842}
  m_Material: {fileID: 0}
  m_IsTrigger: 0
  m_Enabled: 1
  serializedVersion: 2
  m_Size: {x: 1, y: 1, z: 1}
  m_Center: {x: 0, y: 0, z: 0}
--- !u!33 &1822775845
MeshFilter:
  m_ObjectHideFlags: 0
  m_PrefabParentObject: {fileID: 0}
  m_PrefabInternal: {fileID: 0}
  m_GameObject: {fileID: 1822775842}
  m_Mesh: {fileID: 10202, guid: 0000000000000000e000000000000000, type: 0}
--- !u!4 &1822775846
Transform:
  m_ObjectHideFlags: 0
  m_PrefabParentObject: {fileID: 0}
  m_PrefabInternal: {fileID: 0}
  m_GameObject: {fileID: 1822775842}
  m_LocalRotation: {x: 0, y: 0, z: 0, w: 1}
  m_LocalPosition: {x: 12.226028, y: 7.1, z: 60.2}
  m_LocalScale: {x: 141.87479, y: 16.489258, z: 4.1123395}
  m_Children: []
  m_Father: {fileID: 0}
  m_RootOrder: 27
  m_LocalEulerAnglesHint: {x: 0, y: 0, z: 0}
--- !u!114 &1822775847
MonoBehaviour:
  m_ObjectHideFlags: 0
  m_PrefabParentObject: {fileID: 0}
  m_PrefabInternal: {fileID: 0}
  m_GameObject: {fileID: 1822775842}
  m_Enabled: 1
  m_EditorHideFlags: 0
  m_Script: {fileID: 11500000, guid: d8bbf6b96435b144894a2084f6a776dc, type: 3}
  m_Name: 
  m_EditorClassIdentifier: 
  mainMusicSource: {fileID: 0}
  musicGroup: {fileID: 0}
  sfxGroup: {fileID: 0}
--- !u!1001 &1860425292
Prefab:
  m_ObjectHideFlags: 0
  serializedVersion: 2
  m_Modification:
    m_TransformParent: {fileID: 0}
    m_Modifications:
    - target: {fileID: 4256760911736608, guid: 70d031c0d69b50649bea110450c6645b, type: 2}
      propertyPath: m_LocalPosition.x
      value: -19.543491
      objectReference: {fileID: 0}
    - target: {fileID: 4256760911736608, guid: 70d031c0d69b50649bea110450c6645b, type: 2}
      propertyPath: m_LocalPosition.y
      value: 2.3
      objectReference: {fileID: 0}
    - target: {fileID: 4256760911736608, guid: 70d031c0d69b50649bea110450c6645b, type: 2}
      propertyPath: m_LocalPosition.z
      value: 27.893826
      objectReference: {fileID: 0}
    - target: {fileID: 4256760911736608, guid: 70d031c0d69b50649bea110450c6645b, type: 2}
      propertyPath: m_LocalRotation.x
      value: 0
      objectReference: {fileID: 0}
    - target: {fileID: 4256760911736608, guid: 70d031c0d69b50649bea110450c6645b, type: 2}
      propertyPath: m_LocalRotation.y
      value: 0
      objectReference: {fileID: 0}
    - target: {fileID: 4256760911736608, guid: 70d031c0d69b50649bea110450c6645b, type: 2}
      propertyPath: m_LocalRotation.z
      value: 0
      objectReference: {fileID: 0}
    - target: {fileID: 4256760911736608, guid: 70d031c0d69b50649bea110450c6645b, type: 2}
      propertyPath: m_LocalRotation.w
      value: 1
      objectReference: {fileID: 0}
    - target: {fileID: 4256760911736608, guid: 70d031c0d69b50649bea110450c6645b, type: 2}
      propertyPath: m_RootOrder
      value: 13
      objectReference: {fileID: 0}
    - target: {fileID: 1464757241907016, guid: 70d031c0d69b50649bea110450c6645b, type: 2}
      propertyPath: m_Name
      value: EnemySphere (3)
      objectReference: {fileID: 0}
    m_RemovedComponents: []
  m_ParentPrefab: {fileID: 100100000, guid: 70d031c0d69b50649bea110450c6645b, type: 2}
  m_IsPrefabParent: 0
--- !u!1001 &1866372608
Prefab:
  m_ObjectHideFlags: 0
  serializedVersion: 2
  m_Modification:
    m_TransformParent: {fileID: 0}
    m_Modifications:
    - target: {fileID: 4256760911736608, guid: 70d031c0d69b50649bea110450c6645b, type: 2}
      propertyPath: m_LocalPosition.x
      value: -17.041138
      objectReference: {fileID: 0}
    - target: {fileID: 4256760911736608, guid: 70d031c0d69b50649bea110450c6645b, type: 2}
      propertyPath: m_LocalPosition.y
      value: 5.28
      objectReference: {fileID: 0}
    - target: {fileID: 4256760911736608, guid: 70d031c0d69b50649bea110450c6645b, type: 2}
      propertyPath: m_LocalPosition.z
      value: 11.346653
      objectReference: {fileID: 0}
    - target: {fileID: 4256760911736608, guid: 70d031c0d69b50649bea110450c6645b, type: 2}
      propertyPath: m_LocalRotation.x
      value: 0
      objectReference: {fileID: 0}
    - target: {fileID: 4256760911736608, guid: 70d031c0d69b50649bea110450c6645b, type: 2}
      propertyPath: m_LocalRotation.y
      value: 0
      objectReference: {fileID: 0}
    - target: {fileID: 4256760911736608, guid: 70d031c0d69b50649bea110450c6645b, type: 2}
      propertyPath: m_LocalRotation.z
      value: 0
      objectReference: {fileID: 0}
    - target: {fileID: 4256760911736608, guid: 70d031c0d69b50649bea110450c6645b, type: 2}
      propertyPath: m_LocalRotation.w
      value: 1
      objectReference: {fileID: 0}
    - target: {fileID: 4256760911736608, guid: 70d031c0d69b50649bea110450c6645b, type: 2}
      propertyPath: m_RootOrder
      value: 24
      objectReference: {fileID: 0}
    - target: {fileID: 1464757241907016, guid: 70d031c0d69b50649bea110450c6645b, type: 2}
      propertyPath: m_Name
      value: EnemySphere (9)
      objectReference: {fileID: 0}
    m_RemovedComponents: []
  m_ParentPrefab: {fileID: 100100000, guid: 70d031c0d69b50649bea110450c6645b, type: 2}
  m_IsPrefabParent: 0
--- !u!1001 &1893800122
Prefab:
  m_ObjectHideFlags: 0
  serializedVersion: 2
  m_Modification:
    m_TransformParent: {fileID: 0}
    m_Modifications:
    - target: {fileID: 4256760911736608, guid: 70d031c0d69b50649bea110450c6645b, type: 2}
      propertyPath: m_LocalPosition.x
      value: 0.87724787
      objectReference: {fileID: 0}
    - target: {fileID: 4256760911736608, guid: 70d031c0d69b50649bea110450c6645b, type: 2}
      propertyPath: m_LocalPosition.y
      value: 3.92
      objectReference: {fileID: 0}
    - target: {fileID: 4256760911736608, guid: 70d031c0d69b50649bea110450c6645b, type: 2}
      propertyPath: m_LocalPosition.z
      value: 20.048534
      objectReference: {fileID: 0}
    - target: {fileID: 4256760911736608, guid: 70d031c0d69b50649bea110450c6645b, type: 2}
      propertyPath: m_LocalRotation.x
      value: 0
      objectReference: {fileID: 0}
    - target: {fileID: 4256760911736608, guid: 70d031c0d69b50649bea110450c6645b, type: 2}
      propertyPath: m_LocalRotation.y
      value: 0
      objectReference: {fileID: 0}
    - target: {fileID: 4256760911736608, guid: 70d031c0d69b50649bea110450c6645b, type: 2}
      propertyPath: m_LocalRotation.z
      value: 0
      objectReference: {fileID: 0}
    - target: {fileID: 4256760911736608, guid: 70d031c0d69b50649bea110450c6645b, type: 2}
      propertyPath: m_LocalRotation.w
      value: 1
      objectReference: {fileID: 0}
    - target: {fileID: 4256760911736608, guid: 70d031c0d69b50649bea110450c6645b, type: 2}
      propertyPath: m_RootOrder
      value: 19
      objectReference: {fileID: 0}
    - target: {fileID: 1464757241907016, guid: 70d031c0d69b50649bea110450c6645b, type: 2}
      propertyPath: m_Name
      value: EnemySphere (1)
      objectReference: {fileID: 0}
    m_RemovedComponents: []
  m_ParentPrefab: {fileID: 100100000, guid: 70d031c0d69b50649bea110450c6645b, type: 2}
  m_IsPrefabParent: 0
--- !u!1001 &1954201940
Prefab:
  m_ObjectHideFlags: 0
  serializedVersion: 2
  m_Modification:
    m_TransformParent: {fileID: 0}
    m_Modifications:
    - target: {fileID: 4495363412905990, guid: f7215dcb6cfadd644867591a8ef73494, type: 2}
      propertyPath: m_LocalPosition.x
      value: 10.59
      objectReference: {fileID: 0}
    - target: {fileID: 4495363412905990, guid: f7215dcb6cfadd644867591a8ef73494, type: 2}
      propertyPath: m_LocalPosition.y
      value: 0.223
      objectReference: {fileID: 0}
    - target: {fileID: 4495363412905990, guid: f7215dcb6cfadd644867591a8ef73494, type: 2}
      propertyPath: m_LocalPosition.z
      value: -13.19
      objectReference: {fileID: 0}
    - target: {fileID: 4495363412905990, guid: f7215dcb6cfadd644867591a8ef73494, type: 2}
      propertyPath: m_LocalRotation.x
      value: 0
      objectReference: {fileID: 0}
    - target: {fileID: 4495363412905990, guid: f7215dcb6cfadd644867591a8ef73494, type: 2}
      propertyPath: m_LocalRotation.y
      value: 0
      objectReference: {fileID: 0}
    - target: {fileID: 4495363412905990, guid: f7215dcb6cfadd644867591a8ef73494, type: 2}
      propertyPath: m_LocalRotation.z
      value: 0
      objectReference: {fileID: 0}
    - target: {fileID: 4495363412905990, guid: f7215dcb6cfadd644867591a8ef73494, type: 2}
      propertyPath: m_LocalRotation.w
      value: 1
      objectReference: {fileID: 0}
    - target: {fileID: 4495363412905990, guid: f7215dcb6cfadd644867591a8ef73494, type: 2}
      propertyPath: m_RootOrder
      value: 21
      objectReference: {fileID: 0}
    m_RemovedComponents: []
  m_ParentPrefab: {fileID: 100100000, guid: f7215dcb6cfadd644867591a8ef73494, type: 2}
  m_IsPrefabParent: 0
--- !u!1 &2020027876 stripped
GameObject:
  m_PrefabParentObject: {fileID: 1221926159392962, guid: 1b561214a42270c43b9a01eaeebdce62,
    type: 2}
  m_PrefabInternal: {fileID: 810690996}
